@ARTICLE{FDS99,
   author = {{Finkbeiner}, D.~P. and {Davis}, M. and {Schlegel}, D.~J.},
    title = "{Extrapolation of Galactic Dust Emission at 100 Microns to Cosmic 
Microwave Background Radiation Frequencies Using FIRAS}",
  journal = {\apj},
   eprint = {astro-ph/9905128},
 keywords = {ISM: DUST, EXTINCTION, INFRARED: ISM: CONTINUUM, SUBMILLIMETER},
     year = 1999,
    month = oct,
   volume = 524,
    pages = {867-886},
      doi = {10.1086/307852},
   adsurl = {http://adsabs.harvard.edu/abs/1999ApJ...524..867F},
  adsnote = {Provided by the SAO/NASA Astrophysics Data System}
}

@ARTICLE{SFD,
   author = {{Schlegel}, D.~J. and {Finkbeiner}, D.~P. and {Davis}, M.},
    title = "{Maps of Dust Infrared Emission for Use in Estimation of Reddening and 
Cosmic Microwave Background Radiation Foregrounds}",
  journal = {\apj},
   eprint = {arXiv:astro-ph/9710327},
 keywords = {COSMOLOGY: DIFFUSE RADIATION, COSMOLOGY: COSMIC MICROWAVE BACKGROUND, 
ISM: DUST, EXTINCTION, INTERPLANETARY MEDIUM, INFRARED: ISM: CONTINUUM},
     year = 1998,
    month = jun,
   volume = 500,
    pages = {525-+},
      doi = {10.1086/305772},
   adsurl = {http://adsabs.harvard.edu/abs/1998ApJ...500..525S},
  adsnote = {Provided by the SAO/NASA Astrophysics Data System}
}

@ARTICLE{planckdust,
   author = {{Planck Collaboration} and {Abergel}, A. and {Ade}, P.~A.~R. and 
	{Aghanim}, N. and {Alina}, D. and {Alves}, M.~I.~R. and {Armitage-Caplan}, C. and 
	{Arnaud}, M. and {Ashdown}, M. and {Atrio-Barandela}, F. and et al.},
    title = "{Planck 2013 results. XXXI. All-sky model of thermal dust emission}",
  journal = {ArXiv e-prints},
archivePrefix = "arXiv",
   eprint = {1312.1300},
 primaryClass = "astro-ph.GA",
 keywords = {Astrophysics - Galaxy Astrophysics, Astrophysics - Cosmology and Extragalactic 
Astrophysics},
     year = 2013,
    month = dec,
   adsurl = {http://adsabs.harvard.edu/abs/2013arXiv1312.1300P},
  adsnote = {Provided by the SAO/NASA Astrophysics Data System}
}
